<record><leader>00000cas a22000007a 4500</leader><controlfield tag="001">14450054</controlfield><controlfield tag="008">861021d19141974wvudn ne      0    0eng  </controlfield><datafield ind1=" " ind2=" " tag="010"><subfield code="a">sn 86072054 </subfield></datafield><datafield ind1=" " ind2=" " tag="040"><subfield code="a">DLC</subfield><subfield code="b">eng</subfield><subfield code="c">DLC</subfield><subfield code="d">OCL</subfield><subfield code="d">OCLCQ</subfield><subfield code="d">DLC</subfield></datafield><datafield ind1=" " ind2=" " tag="042"><subfield code="a">msc</subfield></datafield><datafield ind1=" " ind2=" " tag="043"><subfield code="a">n-us-wv</subfield></datafield><datafield ind1="0" ind2="0" tag="050"><subfield code="a">Newspaper 10200</subfield></datafield><datafield ind1="0" ind2=" " tag="130"><subfield code="a">West Virginian (Fairmont, W. Va. : 1914)</subfield></datafield><datafield ind1="1" ind2="4" tag="245"><subfield code="a">The West Virginian.</subfield></datafield><datafield ind1=" " ind2=" " tag="260"><subfield code="a">Fairmont, W. Va. :</subfield><subfield code="b">Farimont Printing and Publishing Company</subfield></datafield><datafield ind1=" " ind2=" " tag="300"><subfield code="a">v. :</subfield><subfield code="b">ill. ;</subfield><subfield code="c">57-61 cm.</subfield></datafield><datafield ind1=" " ind2=" " tag="310"><subfield code="a">Daily (except Sat. and Sun.),</subfield><subfield code="b">&lt;Aug. 1, 1941&gt;.</subfield></datafield><datafield ind1=" " ind2=" " tag="321"><subfield code="a">Daily (except Sun.),</subfield><subfield code="b">&lt;December 10, 1914-December 30, 1922&gt;.</subfield></datafield><datafield ind1="1" ind2=" " tag="362"><subfield code="a">Began December 9, 1914.</subfield></datafield><datafield ind1="1" ind2=" " tag="362"><subfield code="a">Ceased in 1974.</subfield><subfield code="z">Cf. Newspapers in microform, U.S., 1948-1983.</subfield></datafield><datafield ind1=" " ind2=" " tag="500"><subfield code="a">"Republican." Cf. Ayer, 1975.</subfield></datafield><datafield ind1=" " ind2=" " tag="588"><subfield code="a">Description based on: December 10, 1914.</subfield></datafield><datafield ind1=" " ind2=" " tag="588"><subfield code="a">Latest issue consulted: Aug. 1, 1941 issue.</subfield></datafield><datafield ind1=" " ind2="0" tag="651"><subfield code="a">Fairmont (W. Va.)</subfield><subfield code="v">Newspapers.</subfield></datafield><datafield ind1=" " ind2=" " tag="752"><subfield code="a">United States</subfield><subfield code="b">West Virginia</subfield><subfield code="c">Marion</subfield><subfield code="d">Farimont.</subfield></datafield><datafield ind1="0" ind2="0" tag="780"><subfield code="t">Fairmont West Virginian (Fairmont, W. Va. : 1904)</subfield><subfield code="w">(DLC)sn 86092557</subfield><subfield code="w">(OCoLC)13707836</subfield></datafield><datafield ind1="1" ind2=" " tag="029"><subfield code="a">AU@</subfield><subfield code="b">000025797396</subfield></datafield></record>